1834 2892
149 150 197 198 1911
308 142 423 196 INDEX
440 145 656 198 nlssosrcus.

149 279 212 388 ilo&
225 273 296 387 {liris
314 276 390 326 modis
401 277 565 342 perstringitur
583 280 614 328 ab
623 271 782 342 'sruuprm
796 277 823 327 in

189 347 232 386 usn
248 355 284 388 us.

173 355 344 466 (illeoplanrun
357 406 450 456 Cluent-
465 407 502 456 16.
517 407 629 456 medicus.

181 471 281 527 Cliniae,
293 469 416 531 Cretensis,
428 472 503 536 Legg.
512 475 534 533 1,
546 477 570 518 4.
575 473 618 537 qui
627 471 745 519 indueinrr
755 471 821 536 apud

148 535 272 582 Plutonem
282 536 307 582 in
319 536 410 599 dialogo
421 536 450 584 de
462 537 572 601 Legibus.

182 601 319 660 Clisthenes,
338 601 395 649 Nus.
414 599 447 647 Ι).
466 605 504 661 11,
526 604 563 650 16.
584 600 824 662 Δὼεῃὶεῐιεῌοω

148 663 250 712 filiarum
256 664 350 729 deponit
360 665 385 712 in
397 666 485 729 templo
495 666 597 714 Junonis
608 666 701 714 Samiis.

183 731 321 790 Clisthenes,
333 729 401 778 Brut.
412 731 434 788 7.
450 730 537 778 Orator
547 730 706 788 Atheniensis,
715 731 759 794 qui
769 737 822 794 pust

148 794 257 843 Solonem
268 804 290 843 et
301 793 450 842 Pisistratum
460 794 547 857 flonrit,
563 796 634 860 paulo
646 803 701 842 unte
710 795 824 842 Themis-

150 860 244 908 sorlem.

185 926 327 982 Clitarchus,
339 923 398 988 Iaeg
410 922 433 981 Ι,
445 927 469 972 2.
475 923 597 972 historicus
607 924 711 983 Groecns,
723 939 772 972 non
779 939 824 987 op-

149 987 227 1036 timus.
247 991 316 1037 Brut.
331 994 367 1037 11.
381 989 412 1036 nd
423 988 480 1037 Div.
498 987 534 1049 11,
550 995 587 1038 11.
602 1004 649 1036 non
659 1003 753 1052 mugnae
769 989 825 1036 fidei

150 1061 192 1164 ᾗ,
209 1053 238 1100 de
249 1062 322 1101 morte
338 1052 502 1102 Themistoclis
513 1053 571 1118 quid
587 1053 707 1101 tradiderit
717 1054 825 1101 Alexan-

197 1133 280 1164 <sumes¹

186 1183 352 1241 Clitomachus,
371 1183 467 1242 Poenus,
482 1182 556 1231 Aesd.
573 1181 620 1242 IV,
639 1183 662 1230 6.
685 1181 729 1231 Or.
743 1183 767 1242 Ι,
787 1187 826 1231 11.

152 1244 277 1294 carneadis
292 1247 383 1294 auditor
396 1257 419 1296 et
433 1263 546 1296 sueeeoeer
559 1247 584 1295 in
595 1247 733 1295 Aeudernii.
751 1248 827 1294 Aeud.

151 1310 198 1370 IV,
210 1315 249 1360 31.
261 1314 310 1374 ejus
320 1311 379 1360 liber
389 1313 419 1359 ad
431 1312 460 1362 C.
471 1313 590 1360 Lucilium
605 1317 707 1375 poium,
721 1312 780 1359 item
795 1312 827 1360 sd

151 1375 181 1422 1..
193 1374 355 1424 Censorinum.
370 1377 442 1426 Aeud·
456 1376 492 1435 11,
505 1382 545 1426 31.
559 1386 658 1440 quatuor
671 1377 743 1424 libros
753 1377 828 1439 serip-

150 1441 180 1493 sit
190 1440 219 1488 de
230 1441 367 1488 sustinendis
377 1442 552 1490 assensionibus.
569 1442 642 1489 Tuse.
655 1442 707 1499 111,
719 1443 758 1487 22.
770 1455 827 1487 eon·

150 1505 231 1553 solutio
246 1507 296 1566 ejus
314 1507 398 1569 scriptu
412 1507 442 1554 sd
455 1506 658 1570 Carthaginienses
670 1506 751 1554 eversi
766 1503 828 1553 car-

151 1569 253 1634 thagine.
272 1570 327 1617 Vid.
339 1571 408 1618 etiem
420 1571 494 1634 Aesd.
505 1570 551 1632 lv,
563 1576 588 1620 4.
599 1570 642 1619 Or.
659 1572 695 1619 16.

185 1637 272 1696 Clitus,
284 1633 353 1684 Tuse.
364 1633 411 1695 IV,
424 1635 465 1690 37.
482 1634 541 1684 Dux
551 1635 690 1694 Alexandri,
702 1636 732 1683 sb
746 1649 775 1682 eo
788 1633 825 1682 in·

152 1699 269 1748 nerlleitur.

187 1767 346 1826 crocingen,
358 1765 430 1813 Doni.
440 1768 480 1811 44.
493 1764 583 1825 eedem,
594 1779 648 1828 quse
659 1763 768 1813 Claudia.

186 1830 278 1890 Clodia,
292 1831 341 1878 Art.
354 1830 418 1884 XII,
428 1835 467 1878 22.
486 1829 579 1878 Decimi
589 1829 668 1888 Bruti,
683 1830 736 1893 (qui
746 1829 831 1876 eonsul

153 1891 199 1940 fixit
208 1909 263 1940 eum
275 1893 422 1942 M.AEmili0
433 1892 566 1954 Mamerco)
578 1902 659 1940 mater.

187 1959 279 2016 Clodia,
289 1959 339 2006 Ate
348 1959 396 2017 IX,
404 1961 429 2007 6.
437 1968 461 2007 et
470 1963 494 2009 9.
502 1973 580 2007 socrus
588 1958 618 2005 1..
625 1957 726 2017 Metelli,
734 1957 830 2022 trib.pl.

186 2020 271 2082 Clodia,
288 2038 351 2071 soror
362 2025 390 2071 P.
402 2025 488 2086 clodii,
499 2024 552 2072 trib.
580 2024 625 2070 leb.
637 2021 669 2068 V.
683 2022 788 2069 cunin.

186 2087 323 2144 Clodianus,
341 2088 391 2136 As.
409 2091 432 2148 1,
452 2095 489 2138 19.
508 2096 543 2136 est
596 2085 688 2134 .Oorn.
703 2085 832 2146 Lentulus,

153 2152 233 2200 consul
247 2152 277 2200 A.
289 2154 320 2200 U.
334 2155 392 2214 681,
409 2169 464 2202 cum
475 2153 505 2200 L.
514 2152 593 2200 Gellio
604 2151 730 2214 Popusols
747 2151 830 2215 Sigon.

154 2215 180 2263 in
191 2217 266 2268 Fastis
275 2217 345 2266 Rom.

187 2281 289 2336 Clodius,
303 2283 360 2346 beg.
372 2283 395 2342 1,
410 2281 569 2330 missorius
584 2280 691 2341 Latinus,
702 2279 832 2340 languidus

152 2344 290 2452 {itineritus
301 2361 429 2457 ωέῃοῐηοη
443 2347 527 2420 hebuit
543 2348 634 2421 Licini.
645 2343 767 2456 Valljerin
782 2346 836 2392 An.

156 2416 309 2531 Xkffitg
344 2426 384 2472 Jus
400 2421 488 2458 mentre
505 2411 532 2458 fit
544 2420 615 2458 etrum
629 2425 667 2472 ep.
707 2424 793 2468 inum,
806 2417 835 2458 ut

188 2535 294 2596 Clodius,
305 2537 432 2593 fenerator,
439 2538 492 2585 Ast.
502 2537 567 2598 x11,
581 2540 622 2586 311.
635 2538 678 2603 qui
685 2546 721 2586 est
729 2538 836 2589 Hermu-

151 2608 221 2654 gsues
231 2598 336 2650 Cluilius.
351 2601 383 2650 V.
394 2601 423 2675 in
432 2603 603 2665 Hermogenes.
