1834 2892
252 135 371 189 INDEX
388 135 605 187 HISTORIGUS.
718 136 766 183 225

92 261 147 309 dam
157 262 239 321 animi,
247 266 351 315 etsoluto
358 266 477 331 liberoque
484 266 658 326 enimo,futura
665 280 766 329 presen-

92 326 128 374 tit.
145 327 204 391 Leg.
217 326 254 388 II,
269 336 305 379 11.
322 330 361 379 De
372 333 422 393 ejus
433 339 500 379 atate
513 346 561 378 non
571 332 716 378 eonsentiunt
726 345 766 377 ve·

90 399 156 439 teres.
175 392 292 457 Tempore
302 404 389 459 septam
401 396 536 459 Sapientbm
554 394 647 453 vixisse,
658 394 763 457 plerique

90 458 243 505 eonsentiunt.
261 458 300 507 De
310 474 337 507 eo
348 476 370 508 v.
383 460 462 507 laudnt.
472 458 494 518 1,
504 460 557 507 109.
567 474 617 522 sqq.
629 459 691 506 etibi
702 460 763 506 viros

90 519 177 632 ioijws'
193 522 319 587 Scriptores
326 522 355 572 de
366 540 393 572 eo
403 524 490 573 multos
500 523 581 571 laudat
589 522 680 571 Febris.
692 524 724 571 B.
731 524 762 570 (i.

106 616 113 642 ‚
143 618 150 632 .

59 654 61 658 ’
124 650 161 697 M.
173 652 277 711 Emn'ae,
291 652 321 701 ed
331 653 383 701 Ata
395 652 472 715 VIII,
486 658 523 702 11.
539 652 704 717 Pompeianus.
712 652 764 700 luu-

90 712 172 762 dalur.
184 717 222 764 Of.
232 716 295 765 Hirt.
307 718 338 765 Β.
349 717 404 765 Afr.
416 722 455 767 89.

122 780 253 841 nmina,
262 781 293 829 ed
303 782 359 830 Div.
371 782 418 841 VI,
432 788 470 831 12.
482 799 541 832 uxor
550 783 578 832 Τ.
590 780 675 846 Ampii
682 780 761 829 Balbi.

89 844 206 904 Eppuleio
223 854 258 893 est
274 846 343 893 etiam
360 846 385 893 in
404 847 551 913 inscriptione
568 864 605 912 ep
623 848 726 895 Fabrett.
739 860 765 909 p.

90 908 147 955 310.
171 910 294 969 Eppuleiae
309 926 347 975 ap.
366 911 482 961 Moratur.
501 914 574 961 Insor.
590 928 614 975 p.
626 913 682 959 315.
701 925 726 957 n.
739 907 763 957 2.

89 970 156 1020 Inter
167 974 301 1035 Appmleiat
312 985 334 1023 el
343 977 477 1037 Eppuleiae
488 977 578 1025 variant
586 976 641 1023 libri
651 976 676 1023 in
684 973 764 1025 Servio

89 1036 120 1084 ud
131 1038 199 1101 Virg.
209 1038 266 1086 AEn.
276 1038 352 1100 VIII,
361 1044 416 1095 275.
427 1058 465 1105 ap.
474 1042 502 1089 P.
514 1042 686 1089 Burmannum.

121 1102 206 1165 Equus
219 1104 333 1167 'I'rojonua‚
342 1104 372 1152 ed
383 1105 439 1154 Div.
450 1106 513 1163 VII,
527 1110 564 1153 14.
575 1106 655 1153 fabula
665 1104 736 1152 nivii.

122 1167 299 1227 Eratosthenes,
308 1168 338 1217 ad
348 1170 397 1217 Att.
406 1170 444 1233 11,
456 1172 479 1217 6.
492 1170 651 1233 Gangraphiee
662 1168 760 1243 scripsit.

88 1230 128 1279 Ea
145 1233 190 1281 sibi
208 1234 289 1282 Cicero
299 1243 456 1297 proposuerat,
468 1250 523 1283 oum
538 1234 698 1298 (leogmpbioa
708 1248 763 1281 serr-

87 1298 142 1345 bere
157 1298 289 1361 susciperet.
307 1297 383 1345 Valde
396 1299 604 1363 reprehendebatur
614 1314 628 1346 a
639 1298 763 1362 Serapione

87 1370 112 1409 et
122 1361 274 1425 Hipparcho:
293 1361 322 1411 de
338 1363 404 1423 cujus
414 1364 569 1427 disputatione
578 1363 686 1411 adversus
701 1362 761 1409 Ere-

87 1426 219 1475 tosthenem
230 1443 252 1476 v.
263 1428 338 1477 Strab.
355 1425 606 1491 I,p.15.Cyreneua
622 1426 676 1485 fuit,
694 1425 762 1483 disci.

87 1490 158 1554 pulus
173 1491 290 1540 Aristonis
309 1491 372 1551 Chii,
388 1492 474 1555 Insigni
488 1492 615 1539 eruditione
629 1490 671 1538 vir.
694 1490 763 1538 vixit
819 1524 822 1529 -

86 1555 240 1604 Alexandria
264 1566 369 1619 tempore
395 1556 517 1604 Ptolsmaei
542 1556 672 1618 Euergetee.
700 1554 761 1614 Ejus

87 1620 249 1684 Geographica
258 1620 283 1668 in
294 1635 379 1683 magno
390 1620 464 1683 pretio
474 1619 538 1685 apud
548 1622 666 1667 Romanos
681 1617 761 1679 fuisse,

87 1684 160 1733 etiem
179 1700 209 1732 ex
224 1684 315 1733 Gaesare
333 1685 435 1748 colligas,
453 1686 495 1749 qui
514 1698 568 1732 eum
587 1682 761 1747 potissimume

88 1748 177 1795 Graeois
188 1750 300 1808 nominet,
307 1750 349 1797 ubi
359 1749 388 1797 de
397 1750 455 1797 silvi
466 1749 585 1813 Hercynii
599 1747 655 1811 agit.
672 1747 710 1795 De
726 1748 760 1796 B.

87 1813 118 1860 G.
136 1814 186 1872 VI,
205 1815 245 1861 et.
275 1814 404 1863 Censuram
422 1814 493 1863 totius
510 1813 585 1877 operis
606 1811 760 1876 Geogrephid

85 1876 135 1940 agit
145 1879 238 1939 Strabo,
253 1878 295 1927 lib.
307 1877 330 1937 1,
346 1888 369 1927 et
380 1876 417 1937 ΙΙ,
429 1880 471 1927 ubi
481 1878 596 1942 imprimis
605 1884 693 1936 monet,
705 1892 760 1925 eum

85 1941 236 1991 occidentales
244 1952 268 1991 et
277 1943 473 2007 septemtrionales
480 1944 583 2006 Europe
592 1951 668 2006 parta
675 1957 760 2005 parum

84 2006 189 2119 ξιοῗίῑὸε
198 2007 425 2121 ὴείὠέἓεὲῑῆῗίὶυε
441 2008 508 2120 dp⁵eo
516 2008 606 2070 Judioet
614 2007 656 2054 lib.
668 2004 756 2055 XVII.

109 2086 119 2117 1
135 2103 142 2117 .
175 2086 231 2119 esau
333 2088 381 2119 ra.
439 2105 446 2119 .
491 2104 499 2119 .

119 2136 271 2197 Erechtheus,
279 2137 316 2185 vel
323 2087 471 2197 EricbIliegua
479 2138 587 2185 Sexwl.
596 2152 637 2185 rex
649 2136 757 2195 Athenis,
766 2138 769 2143 “

84 2201 153 2261 eujus
164 2201 220 2249 filia
229 2202 302 2250 vitam
313 2215 356 2265 pro
366 2202 447 2265 patrie
457 2202 532 2250 salute
541 2204 689 2251 oontemserit.
705 2201 759 2248 rin.

85 2264 118 2325 V,
129 2270 169 2311 22.
182 2266 216 2313 N.
224 2266 257 2314 D.
270 2265 319 2325 111,
333 2267 370 2315 19.
382 2275 522 2330 quapropter
529 2268 587 2316 Dee
597 2264 758 2315 omtAthenis

84 2330 179 2390 babila,
191 2330 271 2393 ibique
281 2331 404 2379 delubrum
412 2331 506 2379 hebent.

117 2398 231 2456 Eretrici,
244 2397 281 2443 vel
293 2398 422 2455 Ενεινᾶαοί,
441 2395 485 2443 Or.
499 2398 554 2457 111,
567 2396 605 2451 17.
621 2394 696 2443 Acad.
709 2392 756 2448 IV,

85 2460 124 2507 te.
135 2476 210 2523 genus
221 2460 411 2525 philosophorum
419 2460 608 2509 Socratiooruma
618 2458 759 2506 Menedemo

84 2523 203 2573 Eretrieoo
213 2534 299 2582 ortum,
311 2524 353 2589 qui
363 2537 376 2573 e
386 2525 467 2573 scholi
475 2524 561 2572 Eliaei
566 2522 621 2573 tuit.

118 2590 248 2653 Eriphyla,
255 2589 293 2637 vel
301 2590 424 2652 Eriphyle,
435 2588 504 2638 verr.
516 2588 550 2649 V,
563 2588 602 2635 18.
618 2584 758 2649 Amphiarai
