1834 2892
245 121 360 172 INDEX
377 122 596 174 fllsuonlcus.
712 124 757 172 261

118 251 150 297 L.
170 251 273 309 Crassus,
288 252 331 298 Br.
349 255 391 300 33.
405 253 434 302 P.
455 253 547 302 Nasicae
565 261 588 300 et
604 251 710 312 Liciniae,
729 251 760 302 C.

89 312 155 362 laelii
165 314 253 378 neptia,
264 316 335 372 iilius.
346 333 361 365 a
371 317 401 365 1.
413 317 505 375 Crasso,
514 333 557 364 svo
567 327 679 378 materne,
690 325 759 366 testa-

87 389 165 426 mento
176 382 307 441 suoputua
325 382 363 430 cf.
375 383 438 430 Plin.
449 381 573 440 xxxlv,
585 387 608 428 3.

116 444 148 490 L.
161 447 275 506 Puptriut
293 447 395 506 cronos,
411 446 442 494 ad
455 445 511 495 Div.
530 445 581 504 IX,
598 449 638 494 21.
655 445 716 494 Vide
730 447 756 494 iu

87 509 203 567 Papirius.

117 574 163 619 M.
178 574 277 635 Cruenta,
294 574 338 624 Or.
352 576 377 635 Ι,
392 575 432 622 36.
443 581 527 639 praetor
540 576 573 624 A.
585 575 617 624 U.
632 576 688 622 648.
705 574 758 622 Pin.

86 635 119 694 V,
130 642 174 684 80.
188 646 331 698 Αγιλαστος,
342 640 398 703 quia
411 641 484 688 semel
495 640 520 687 in
535 641 582 688 viti
597 639 655 696 risit,
669 647 761 688 auclore

87 699 189 749 Lucilio.
205 702 268 749 Plin.
280 703 315 750 H.
327 705 360 752 N.
371 702 432 763 VII,
446 707 484 753 19.
494 719 616 768 nunquam
626 703 709 761 risisse,
720 703 760 752 ait.

121 767 159 813 M.
173 767 272 826 Crassus,
289 767 319 814 P.
330 768 363 814 fil.
374 769 413 815 Μ.
426 777 557 826 Αγιλαστου
568 783 646 832 nepos.
663 767 760 816 Trium-

88 830 132 878 rir.
147 830 181 878 ad
195 828 252 876 Div.
263 832 287 891 1,
300 836 322 878 l.
333 833 402 880 Brut.
422 835 461 880 64.
474 834 513 880 66.
524 847 570 896 seq.
584 831 660 896 qualis
676 840 761 890 oretur,

88 894 158 943 Verr.
170 892 220 953 VI,
231 900 254 942 2.
265 906 343 944 eontra
350 897 459 960 fugitivos
469 897 494 944 in
506 895 573 944 laba
583 896 699 944 mittiturr
716 896 762 944 im·

87 958 171 1022 pediit,
181 973 213 1005 ne
222 957 314 1021 fugitivi
324 961 459 1010 Messanam
472 961 567 1009 transire
577 969 675 1026 possent.
691 959 761 1008 Balb.

88 1024 112 1078 7.
132 1024 240 1072 Balbum
260 1023 370 1072 defendit.
393 1025 490 1073 Μυκη.
518 1031 568 1074 93.Ι
581 1025 611 1074 Ι..
634 1025 762 1073 Murenam

87 1087 203 1146 defmdir,
220 1087 280 1135 Har.
297 1105 356 1152 resp.
370 1091 394 1137 6.
409 1089 521 1154 pontifex.
540 1090 601 1138 Phil.
618 1089 654 1149 11,
672 1091 696 1136 3.
708 1103 762 1137 eum

88 1167 115 1199 so
125 1153 212 1200 multae
223 1150 339 1202 Ciceronis
355 1155 509 1203 eontentiones
524 1153 597 1202 fuere.
613 1153 665 1203 Att.
681 1151 703 1212 1,
726 1154 763 1202 14.

86 1215 172 1264 laudat
187 1216 214 1262 in
226 1225 307 1264 senatu
322 1218 437 1267 Ciceronis
447 1218 600 1268 consulatum.
615 1221 652 1274 17.
662 1216 763 1281 impellit

87 1281 227 1344 publianus
233 1282 344 1342 Asianos,
353 1293 380 1330 ut
386 1282 522 1331 loontionem
528 1283 607 1332 induci
615 1283 764 1347 postularent.

91 1343 140 1403 lv,
155 1347 193 1393 13.
211 1345 277 1392 nulli
293 1346 411 1410 dignitate,
424 1347 549 1412 paludatus
561 1349 609 1396 abit
624 1349 649 1395 in
662 1346 762 1410 Syriam.

90 1409 164 1457 Tuae.
175 1409 211 1468 V,
228 1412 268 1458 39.
280 1414 394 1460 surdaster
402 1413 454 1460 fuit.
471 1411 527 1460 Div.
539 1411 562 1470 Ι,
578 1416 613 1461 16.
641 1412 683 1460 uid
693 1411 715 1458 ei
725 1425 763 1458 eo-

91 1473 182 1532 eiderit,
193 1473 297 1521 dirarum
308 1477 481 1524 obnuntiatione
491 1477 603 1538 neglecti.
615 1428 651 1536 li,
667 1478 690 1524 9.
702 1484 765 1522 trans

90 1538 231 1602 Euphraten
252 1554 307 1586 cum
320 1540 449 1603 ignominiis
465 1548 488 1591 et
504 1541 612 1588 dedeoore
627 1539 693 1603 perit.
707 1537 764 1586 ibid.

92 1605 131 1650 tu.
143 1617 223 1662 omen,
241 1604 304 1666 quod
317 1607 338 1652 ei
354 1605 476 1653 Brundisii
490 1605 595 1652 oblatum
612 1613 653 1651 est.
671 1601 719 1650 Off.
741 1601 763 1660 Ι,

91 1667 132 1714 36.
143 1667 217 1716 Sulla
227 1667 333 1728 deservit,
343 1678 380 1728 ut,
392 1670 455 1732 quod
466 1669 529 1728 velit,
541 1675 699 1732 consequetur.
708 1666 764 1714 ibid.

91 1734 116 1778 3.
132 1747 185 1780 earn
205 1731 300 1779 demum
315 1734 437 1797 pecuniam
452 1747 564 1796 magnam
583 1732 680 1794 judicat,
698 1730 765 1791 eujus

91 1795 206 1844 furoribus
217 1796 329 1846 exercitus
339 1799 371 1845 ali
382 1797 461 1861 possit.

123 1863 162 1908 Μ.
184 1862 286 1921 Craton,
302 1863 371 1910 Balb.
386 1868 426 1912 23.
444 1878 499 1910 eum
516 1861 652 1910 Mamertini
666 1875 695 1909 ex
713 1859 764 1924 lege

92 1924 168 1988 Papia
178 1935 280 1989 repetere
295 1927 436 1983 instinrunt3
453 1927 509 1991 quie
523 1943 552 1975 ex
567 1927 709 1975 Mamertino
723 1934 765 1973 eut

93 1989 149 2037 civis
158 1991 235 2038 factus
245 1999 293 2038 eret
302 1993 374 2038 Rom.
385 2000 427 2039 aut
437 2007 462 2040 se
472 2007 515 2056 pro
525 1991 574 2040 cive
584 1993 683 2054 gerebat.

125 2058 157 2103 P.
169 2057 271 2114 cruam,
286 2056 356 2103 Brut.
375 2059 412 2105 19.
424 2071 479 2104 oum
494 2057 606 2104 Afriosno
617 2057 673 2118 maj.
684 2053 765 2104 oonsul

92 2117 145 2167 fuit.
157 2134 243 2183 nempe
253 2118 284 2167 A.
298 2119 330 2168 U.
342 2122 399 2168 543.
408 2120 472 2168 idem
479 2119 583 2184 pontifex
593 2136 656 2168 max.
671 2120 765 2182 Cogno·

92 2185 157 2232 mine
174 2185 247 2232 Dwes
260 2184 343 2235 dietus.
360 2185 393 2235 V.
408 2185 461 2235 liv.
476 2185 562 2245 XXX,
580 2185 601 2232 l.
616 2186 658 2235 ubi
671 2186 720 2246 ejus
730 2182 769 2230 in-

91 2249 158 2313 signe
168 2249 279 2312 elogium.

126 2317 159 2364 P.
182 2320 274 2361 Crestus
292 2315 414 2363 Mucianus
435 2317 514 2363 Diues.
537 2313 604 2361 Brut.
623 2314 663 2361 26.
681 2310 767 2359 Orator

92 2379 163 2426 valde
179 2380 299 2444 probatus,
317 2378 439 2442 adoptatus
455 2396 470 2428 a
486 2379 514 2426 P.
537 2378 621 2428 Crasso
635 2375 725 2433 Divite,
737 2375 766 2448 Pt

90 2443 173 2492 Mucii
189 2443 252 2491 iilius
270 2444 391 2502 naturalis,
408 2454 432 2492 et
448 2446 478 2491 P.
493 2441 600 2492 scevola
615 2438 769 2509 intendunt

88 2509 131 2570 jus
141 2509 209 2556 civile
220 2515 364 2569 moeret.
380 2507 424 2556 Or.
436 2508 458 2566 Ι,
470 2510 511 2561 37.
527 2505 589 2572 Ejus
598 2501 627 2546 de
637 2497 769 2560 eloquendi

89 2579 114 2620 et
122 2573 186 2634 juris
195 2571 272 2619 studio
282 2571 443 2633 sunjungendo
454 2567 573 2618 sententia.
582 2566 614 2609 rb.
626 2564 665 2614 57.
676 2560 764 2608 lctus.

89 2636 167 2698 cel,
182 2643 221 2687 13.
236 2636 335 2699 Rupes.
346 2636 376 2682 ad
387 2635 483 2682 Bnclrir.
493 2633 608 2689 Pompon.
620 2623 670 2684 ΙΙΙ,
686 2626 709 2672 6.
722 2625 767 2672 l’e·
