1834 2892
227 114 341 162 INDEX
359 115 638 166 GEOGRAPHICUS.
736 120 768 164 95

126 243 283 300 Mamertini,
294 244 319 290 in
331 244 396 291 Verr.
408 243 462 300 ΙΙΙ,
470 248 494 303 5,
506 246 587 308 populi
596 245 689 303 Sicilia,
700 245 766 294 Mas·

61 335 65 344 x
92 323 153 356 sanae
163 308 259 364 innolae,
278 323 331 370 quae
348 311 430 356 civitas
446 310 593 357 Mamertina
605 311 621 356 l.
632 326 652 357 a
664 319 764 358 vooatur.

92 371 232 420 Mamertini
242 373 300 418 olim
312 372 446 435 Campaniae
457 373 539 437 populi
549 374 631 431 fuim
648 373 689 422 ssd
699 374 766 422 Mos·

91 452 172 485 sanam
183 436 270 484 deinde
280 437 427 498 occuparunt.

122 502 264 558 Mantinea,
275 500 304 548 de
315 501 367 548 Pin.
379 503 409 548 B.
422 503 458 560 II,
471 503 512 561 30,
523 505 579 550 urbs
589 503 703 550 Aratis,

79 585 81 594 Ι
123 568 265 624 Marathon,
276 567 331 613 urbs
339 564 424 614 Attica
431 583 503 630 prope
510 581 574 615 aare
583 566 725 622 Euboicum,
734 567 764 614 ad

92 646 162 694 quam
177 630 285 677 'nobilem
296 630 423 690 victorian,
436 631 544 678 Miltiade
556 631 624 690 duos,
634 630 764 679 Athenian·

80 711 125 743 sos
135 693 254 742 consecuti
264 703 326 741 sunt.

122 759 296 808 Maiatlsonias
305 767 401 816 tamus,
412 759 483 808 Tusa.
494 759 543 816 Qu
557 758 605 816 lv,
616 761 657 815 22,
674 774 690 806 a
700 758 764 807 The·

92 838 128 870 seo
138 822 327 884 eomprehensus.
339 823 370 871 V.
382 823 445 872 Plut.
456 823 482 870 in
492 823 600 879 Tmou
617 823 689 872 Ovid.
700 823 761 871 Met.

78 887 143 934 ‘VII
166 887 224 932 433.

123 920 211 1008 niara,
223 950 305 1012 popn
315 950 387 1010 raas
397 967 413 999 s
422 951 508 1026 quous
517 951 636 1010 mnam,
647 968 667 1000 s
680 951 762 1000 mae

91 1016 181 1063 bellum
197 1015 334 1062 Marsiaam
354 1015 393 1069 (de
403 1015 484 1064 Divin.
500 1015 523 1074 I,
535 1015 578 1077 tt)
595 1017 687 1074 naar,
698 1016 761 1080 quod

91 1081 140 1140 ejus
156 1078 271 1142 praeoipui
287 1087 389 1128 auctores
402 1080 476 1139 faire,
493 1080 557 1143 apud
572 1096 656 1144 eosque
673 1081 761 1128 bellum

85 1151 166 1192 orium
177 1151 219 1191 ast.

121 1209 231 1256 Martias
242 1222 347 1268 campas,
364 1209 427 1256 locas
437 1217 519 1272 patens
528 1224 600 1272 propo
610 1209 725 1266 Tiberim,
735 1209 760 1254 in

84 1287 136 1334 quo
152 1271 247 1320 comitia
260 1272 341 1334 populi
356 1272 457 1320 Romani
467 1273 594 1322 oenmrima
608 1274 758 1322 habebantur.

89 1335 164 1383 Marti
180 1343 325 1384 aonsearsars
335 1344 370 1383 ast
379 1353 393 1384 a
403 1337 488 1396 Bruto,
501 1352 531 1384 ne
541 1337 678 1401 Tarquinio,
694 1339 760 1399 cujus

89 1400 137 1464 agri
147 1399 250 1458 merant,
261 1399 326 1447 reddi
336 1410 418 1462 posset

120 1465 271 1522 Mamaaiai,
279 1464 371 1512 cluens
380 1466 421 1524 69,
429 1466 510 1528 populi
515 1463 687 1530 campaniam
695 1481 760 1512 maro

89 1529 233 1586 Adrianum,
244 1528 378 1576 Ferentanis
388 1538 411 1576 et
423 1530 525 1593 Pelignis
535 1532 642 1579 aonfinos.

119 1595 247 1651 Massicus,
258 1592 312 1640 vino
322 1592 406 1640 nobilis
413 1609 480 1643 mons
488 1593 633 1658 Canpauiae.
645 1593 677 1641 V.
692 1595 758 1642 Gaa-

87 1673 136 1706 riti·

72 1753 76 1761 -
119 1723 241 1781 Massilia,
249 1723 305 1769 urbs
313 1721 396 1769 nobilis
403 1722 429 1768 in
436 1723 515 1771 Gonia
525 1723 681 1780 Narbonensi,
690 1721 757 1769 hodio

89 1787 216 1835 Marsa'llas
224 1805 235 1842 ,-
252 1801 396 1849 quamquam
404 1786 509 1844 Vossius,
518 1787 548 1834 ad
557 1787 657 1845 Malam,
664 1803 687 1849 p.
700 1787 756 1844 477,

88 1850 158 1910 docet,
176 1849 310 1898 Massiliam
320 1858 419 1898 veterem
429 1865 477 1899 non
494 1851 561 1899 nam
572 1851 651 1909 fuisso,
663 1851 704 1899 ubi
714 1851 756 1898 ho-

72 1935 75 1940 ·
87 1914 164 1963 dimna
172 1924 216 1974 ast,
227 1915 267 1962 sed
277 1916 347 1977 longe
357 1917 386 1962 sb
395 1915 430 1973 si,
442 1915 473 1962 ad
480 1916 670 1980 promontorium,
681 1916 723 1963 ubi
733 1926 756 1962 et

89 1992 147 2028 nnnc
158 1981 210 2040 ejus
219 1978 304 2026 nidera
314 1987 375 2038 stant,
388 1987 410 2026 et
421 1994 481 2042 sape
491 1980 583 2026 nummi
593 1980 739 2029 effodiuntur.

119 2044 283 2100 Mauritania,
294 2057 348 2106 pars
358 2042 446 2091 Africa
455 2043 578 2091 maritima

118 2110 215 2167 Mauri,
226 2107 257 2156 ad
268 2107 324 2155 Div.
336 2107 371 2165 X,
382 2109 422 2166 30,
434 2107 515 2156 insola
525 2107 681 2156 Mauritania⁴

86 2175 221 2285 TMoeatis,
228 2172 304 2235 palus,
312 2171 406 2232 slatus,
413 2172 439 2219 in
446 2171 629 2222 Sarmatiiultra
637 2175 754 2222 Isthmum

109 2251 221 2286 sanaim.

116 2303 192 2361 Medi,
204 2301 285 2366 populi
296 2298 361 2348 Asia
371 2301 474 2362 majoris,
484 2302 546 2350 ultra
556 2301 655 2365 Tigrim.

116 2368 227 2428 Megara,
242 2367 298 2412 urbs
313 2365 448 2428 Magaridis,
466 2365 552 2414 Atticae
562 2367 666 2422 oonfinia
684 2374 754 2427 atque

80 2431 141 2480 aueo
150 2434 211 2493 ejus,
223 2446 252 2478 ex
264 2437 367 2477 veterum
382 2432 548 2478 nonnullorum
559 2429 680 2485 sententiis,
691 2436 752 2488 pars.

114 2498 232 2558 Megaris,
251 2495 276 2540 in
296 2495 363 2541 Vetr-
386 2493 432 2553 VI,
448 2497 490 2551 25,
508 2496 563 2540 urbs
580 2490 665 2539 siciliae
683 2503 753 2549 prope

86 2561 206 2622 Syracusas
225 2558 255 2606 ad
272 2573 344 2615 mare,
363 2574 415 2620 quae
431 2567 454 2603 et
472 2558 552 2618 Hybla
569 2555 648 2600 minor
664 2551 753 2619 dicitur.

86 2623 134 2672 niv.
147 2624 248 2682 XXIV,
260 2623 301 2678 35,
316 2631 338 2669 at
348 2622 412 2676 alibi,
430 2623 530 2681 Megara
547 2624 611 2664 vooat
625 2614 649 2658 in
664 2612 754 2673 plurali.
