1834 2892
152 163 183 212 92
281 159 394 208 INDEX
412 154 690 208 GEOGRAPHICUS·

154 303 208 352 que,
220 287 250 334 L.
258 284 280 345 1,
289 303 309 336 c.
318 291 342 347 5,
354 289 455 346 referret,
463 288 585 335 nonnullos
596 288 703 349 Lepreon
711 286 742 336 ad
750 287 825 338 Aron·-

153 353 216 400 diam
226 352 317 411 referre,
329 368 382 400 eum
393 352 422 400 sit
432 351 515 400 Elidis.
533 351 623 399 tho'in
633 363 656 400 et
663 351 715 398 Elio
724 354 826 402 oonfineo

155 425 224 472 sunt3
242 417 319 480 itaque
330 417 396 464 focile
403 417 483 464 eodem
492 418 546 463 urbo
554 417 584 463 ab
595 415 646 462 ollio
657 416 686 462 nd
698 416 824 474 Achaiam,

155 484 185 528 ab
196 481 246 528 eliis
257 481 286 528 ad
297 481 399 539 Elidem,
411 481 489 528 referri
499 480 589 543 potuit:
608 481 675 540 cujus
684 481 827 530 confusionis

156 546 231 592 multa
241 545 348 607 exemplo
356 554 452 592 exstant.

190 611 279 672 Leptis,
290 609 313 654 in
322 609 388 658 Verr.
396 609 444 667 VI,
451 611 491 657 59.
510 607 745 672 Duplexleptisest,
754 611 829 657 altere

155 691 254 735 mogun,
265 689 336 735 prope
346 673 432 736 Syrtim
443 673 564 734 maiorem,
575 674 647 720 altera
656 675 744 734 mimr,
755 689 830 738 prope

157 739 322 786 Adrumetum·
337 737 375 784 De
386 738 433 800 qul
443 738 460 783 1,
471 752 490 785 e
503 752 577 784 sermo
587 737 625 796 eit,
637 739 769 799 conjectum
780 738 828 785 ool·

156 803 283 866 ligendum.
300 801 363 849 Civis
374 801 443 848 Rom.
455 800 539 848 dicitur
549 801 618 864 Lepti
628 801 758 863 negotiatus
770 817 828 849 esse.

157 867 213 915 Fuit
223 881 277 928 ergo
288 880 314 913 ea
325 865 406 928 Leptis
416 865 441 912 in
451 865 569 928 provincii
580 866 650 912 Rom.
660 866 734 928 Atqui
745 866 830 929 Leptis

157 939 192 978 est
202 931 261 977 inter
276 928 432 976 Adrumetum
443 938 466 976 et
479 929 597 987 Tiodrom,
612 929 653 992 qui
663 938 718 976 sunt
728 944 832 978 eonven-

158 1004 195 1042 tus
207 995 276 1041 Rom.
288 1010 325 1057 ap.
335 993 440 1040 Hirtium
449 993 478 1040 de
486 993 547 1040 bello
555 992 671 1041 Africano.
690 992 793 1057 Ideoque
803 994 831 1041 in

157 1059 217 1106 hanc
234 1057 293 1104 mihi
314 1057 433 1105 oonvenire
458 1057 554 1104 videtur.
582 1057 727 1104 Mnoratur
746 1058 831 1105 eodem

158 1122 239 1186 Leptis
251 1122 327 1172 minor
340 1138 376 1184 ap.
389 1119 451 1168 Hirt.
466 1122 483 1168 l.
498 1136 518 1168 c.
529 1121 545 1176 7
555 1139 562 1177 3
580 1129 603 1169 et
612 1121 684 1169 libera
694 1121 775 1169 civito-3
786 1138 831 1186 op·

158 1187 264 1249 pellatur.
281 1185 327 1234 Sed
337 1185 361 1232 in
372 1185 399 1233 ee
409 1185 492 1232 licebat
502 1185 620 1248 negotiari

192 1251 309 1308 Lesbiaci,
320 1249 391 1297 'suso
403 1249 451 1307 Qu.
460 1249 483 1311 1,
494 1250 535 1307 31,
546 1249 627 1297 inoolae
636 1249 719 1296 insule
729 1249 810 1298 Iaesbo
820 1273 824 1277 ’

192 1316 282 1372 Letini,
298 1315 323 1360 in
338 1314 406 1361 Verr.
422 1311 469 1372 lv,
484 1313 524 1360 43.
541 1313 610 1360 Nulli
623 1322 686 1373 ount,
698 1313 762 1376 quod
772 1329 831 1362 oon-

161 1386 213 1436 ειει,
225 1379 250 1424 in
261 1375 338 1426 Sicilia
349 1377 436 1425 Letiui.
452 1377 536 1452 Imque
549 1377 611 1425 docti
622 1378 738 1438 wnJerere
747 1378 832 1442 legen-

161 1442 219 1489 dum
229 1444 311 1490 Ietini.
332 1440 400 1490 Confi
412 1441 529 1489 Hnrdum.
540 1442 571 1489 od
581 1441 643 1489 Plin.
659 1443 711 1501 111,
727 1443 750 1488 8.
768 1443 833 1506 Legi

160 1506 229 1555 etiem
248 1514 325 1570 posset
343 1507 439 1566 Netini,
456 1505 498 1569 qui
511 1506 556 1570 ipsi
570 1506 674 1554 Ciceroni
684 1506 709 1552 in
722 1505 832 1556 verrinis

159 1579 323 1619 memorantur.

193 1637 325 1695 Leucadio,
336 1634 407 1682 Tusc-
418 1634 468 1693 Qu
480 1632 526 1693 IV,
534 1635 575 1693 34,
586 1633 714 1699 pmmouln
724 1634 833 1684 Amma-

163 1715 215 1748 mu.

194 1767 295 1823 leucas,
312 1763 383 1811 Tunc.
401 1761 450 1822 Qu.
466 1760 512 1821 IV,
530 1763 569 1821 18,
582 1762 765 1825 promontorium
779 1779 834 1828 pae.

161 1828 259 1876 ninoulae
269 1827 405 1883 Leucadioe;
423 1825 463 1874 sed
473 1842 496 1874 v.
508 1828 622 1875 Letecuto.

194 1893 298 1951 Leucoe,
309 1891 339 1938 nd
349 1891 405 1939 Div.
418 1889 491 1948 XVl,
509 1895 531 1951 l,
573 1891 655 1954 pidum
667 1891 770 1954 ejusdem
781 1907 838 1958 ρω-

161 1956 266 2003 ninsnlae

194 2021 311 2078 Leucata,
322 2019 352 2066 ad
360 2020 412 2067 Ate
423 2018 457 2079 V,
466 2022 491 2079 9,
500 2019 587 2068 celebre
595 2019 836 2084 Iaeueodiaepromon-

162 2083 256 2143 terium,
273 2084 335 2131 unde
350 2083 468 2132 amoribus
481 2083 562 2131 irretiti
576 2098 600 2132 oe
615 2084 757 2148 praecipiente
773 2087 836 2134 eole-

163 2147 219 2194 bant
233 2148 259 2194 in
276 2163 348 2206 more,
363 2157 390 2195 ut
406 2161 484 2194 amore
498 2148 654 2196 hlnernrentur.
672 2148 740 2197 eonf.
757 2148 834 2198 Tunc.

164 2209 211 2269 1v,
233 2213 271 2272 18,
291 2220 314 2260 et
332 2211 365 2259 ibi
382 2211 513 2270 norisium,
531 2213 573 2275 qui
593 2212 699 2272 ostendit,
716 2226 764 2260 non
784 2216 836 2263 ecoe

162 2274 287 2337 legendum
299 2277 418 2334 Leucade,
429 2275 469 2321 sed
480 2275 596 2324 Lerocotd.

197 2341 342 2400 Leucopetra
355 2340 548 2397 Tarentinorum,
555 2341 584 2387 od
593 2340 643 2386 Alo
652 2339 725 2400 XVI,
734 2341 759 2399 6,
766 2341 837 2404 ἱμο-

164 2407 189 2446 to
203 2412 237 2448 est
253 2418 338 2464 geogro
352 2402 395 2448 hio.
413 2403 558 2462 Leucopetra
573 2412 652 2450 eutem
669 2406 837 2465 Rhegium

166 2463 303 2510 ecioeronis
314 2418 375 2510 Pllil.
387 2464 409 2522 I,
422 2469 446 2520 8,
458 2473 481 2510 et
492 2465 542 2512 Ao.
554 2466 627 2526 xvl,
642 2467 667 2525 7,
682 2477 752 2525 notu
769 2472 837 2520 unde

167 2523 397 2583 Cluverluo,in1tal.
416 2528 470 2573 Vet.
487 2543 529 2635 Ero
544 2531 726 2579 Tarentinorum
741 2533 838 2594 legebat

169 2588 339 2647 Rheginmum.
355 2589 404 2635 Alii
415 2589 481 2635 aliter
507 2605 552 2637 unc
562 2593 639 2639 locum
652 2595 779 2643 tentiirunt·

199 2651 312 2706 Leuctra,
325 2651 395 2698 Tusc.
407 2649 455 2707 Qu.
473 2650 495 2706 1,
510 2654 550 2710 46,
562 2655 675 2717 oppidum
685 2659 791 2719 Boeon'ae,
803 2663 838 2710 nd
