1834 2892
260 133 383 204 ·runnx
400 154 616 206 nrsronrcua
721 155 777 204 aar

103 283 197 332 Bibuli.
208 285 264 334 ibid.
276 285 298 346 Ι,
308 289 345 334 16.
354 287 442 350 aplebe
453 288 472 316 ‘⁴
480 285 566 337 Cnaeus
574 285 671 336 Cicerc”
681 287 775 348 (licitur,

105 349 170 412 quod
183 349 317 400 Ciceronem
333 351 403 399 nimis
417 351 528 414 diligeret.
544 351 600 398 ibid.
614 353 651 399 lt.
668 352 777 401 laudibus

104 413 222 464 Ciceronis
233 417 326 464 inridet.
339 414 375 472 II,
392 421 415 465 3.
432 417 553 478 Epicrates
571 416 662 464 dicitur.
681 414 717 473 11,
736 420 776 466 17.

97 479 246 529 'Alabarches
257 490 356 529 vocatur.
369 479 405 539 ΙΙ,
415 484 438 530 9.
454 480 671 543 Hierosolymarius.
687 478 725 538 11,
739 487 777 530 12.

96 543 288 601 Quindecimvir.
300 547 361 593 Har.
377 546 448 610 Reep.
460 548 500 592 23.
511 562 526 592 a
537 545 619 593 Clodio
633 545 776 606 vitupertmr

102 607 134 655 ad
144 611 266 671 populum.
284 611 346 658 Toto
356 625 422 673 paene
432 610 551 657 tribunatu
566 611 624 671 ejus,
635 608 729 671 publico
740 625 779 658 ca-

12 687 15 693 ·
98 673 158 720 ruit.
177 675 244 734 Quir.
259 691 284 739 p.
302 675 362 722 Reti.
374 676 425 732 ejus
439 673 464 720 in
476 673 586 722 Cicerone
599 673 726 721 revocando
740 674 777 721 in.

101 738 175 800 signis
185 755 260 802 opera.
272 740 301 787 ad
313 739 369 786 Div.
382 737 404 797 Ι,
418 743 439 785 l.
454 738 555 786 creditur
569 739 722 786 Ptolemaeum
739 755 775 786 re-

100 802 186 850 ducere
202 804 268 852 velle.
282 804 337 852 ibid.
357 805 380 850 8.
397 804 514 851 Milonem
527 803 653 851 defendens
671 802 774 852 convicio

100 867 185 931 populi
193 869 298 928 jactatur.
315 868 384 916 Offic.
393 867 429 922 II,
442 869 477 915 16.
486 865 774 930 magnificentissimoru-

94 941 159 980 ·nera
169 933 219 994 ejus
228 932 253 978 in
264 933 364 981 secundo
372 933 500 982 consulatu.
511 932 542 979 ad
549 931 606 980 Div.
616 928 678 989 VII,
689 933 711 976 1.
723 932 774 991 ejus

100 996 153 1044 ludi
170 997 295 1060 magnifici,
313 997 361 1044 dati
378 998 402 1046 in
421 996 563 1044 dedicatione
582 995 673 1054 theatri,
692 993 775 1043 descri-

101 1062 200 1120 buntur,
213 1070 236 1109 et
247 1070 431 1111 contemnuntur·
445 1060 494 1110 Off.
511 1059 547 1120 ΙΙ,
562 1062 599 1116 17.
614 1062 664 1121 ejus
677 1059 774 1120 theatri,

95 1125 318 1188 ·portio1s,templa,
330 1125 528 1190 reprehenduntur
543 1125 659 1174 modeste:
678 1128 710 1175 (v.
724 1124 776 1172 Ta-

99 1188 139 1237 cit.
149 1191 236 1238 Annal.
245 1190 318 1250 XIV,
326 1194 365 1238 to.
377 1200 400 1239 et
410 1190 443 1238 ibi
454 1190 532 1255 lips.)
543 1190 573 1238 ad
581 1189 636 1237 Diu.
649 1187 725 1248 vlu,
735 1192 773 1236 11.

99 1254 151 1314 ejus
166 1254 278 1302 secumdus
295 1255 427 1302 consulatus
444 1255 574 1317 exagitatur
592 1271 607 1302 a
620 1255 650 1303 C.
660 1253 771 1312 Curione,
820 1253 824 1259 '

100 1316 155 1365 trib.
161 1319 199 1381 'pt
211 1319 263 1366 Att.
275 1318 323 1379 vt,
337 1323 358 1365 l.
373 1319 445 1367 Dour.
463 1320 485 1375 7.
498 1319 519 1367 ei
532 1319 649 1367 Ciceronis
659 1318 773 1366 menet

98 1397 135 1429 res
152 1382 303 1434 frumentaria
320 1384 472 1432 committitur
490 1399 544 1432 mm
557 1383 661 1446 imperio.
673 1382 703 1430 ad
714 1383 771 1430 Div.

99 1443 177 1507 vm,
195 1449 218 1496 8.
238 1447 267 1494 de
283 1448 405 1511 provinciis
423 1447 522 1496 Caesarie
536 1456 635 1495 morae
651 1460 698 1494 non
714 1447 774 1494 vult.

99 1510 151 1558 Att.
160 1511 194 1569 X,
202 1510 687 1562 8.Then1istoeleoeonstliouotur.adniv.
694 1510 772 1567 VIII,

100 1579 140 1626 13.
152 1575 269 1624 moecho
279 1576 312 1624 ita
321 1577 438 1626 fastidioso
448 1586 472 1625 et
481 1577 606 1638 languente
613 1583 656 1631 est,
667 1582 703 1631 ut,
710 1574 774 1636 quod

99 1640 144 1690 sibi
155 1641 252 1704 placeat,
260 1641 358 1704 reperire
365 1655 412 1689 non
424 1641 503 1705 possit.
522 1640 594 1687 Attio.
607 1639 681 1696 VII,
689 1643 698 1685 l
706 1643 727 1685 1.
739 1653 775 1686 re-

98 1705 257 1769 prehenditur,
270 1705 342 1768 quod,
360 1704 450 1754 Caesare
462 1704 605 1763 adveniente,
618 1702 709 1750 Urbem
719 1703 775 1750 reli-

99 1769 184 1834 querit.
195 1769 225 1816 td
236 1767 292 1817 Diu.
305 1768 350 1830 IV,
359 1771 382 1825 7.
392 1771 465 1832 copia
474 1769 533 1830 ejus,
542 1776 646 1830 etgarus
652 1765 773 1826 exadtis,

97 1835 285 1896 non'probontur
297 1833 334 1880 Μ.
346 1833 461 1882 Marcello
471 1843 495 1881 et
506 1831 619 1881 Ciceroni.
633 1832 686 1880 Att.
698 1829 772 1892 VIII,

99 1899 123 1946 2.
135 1896 202 1946 initio
212 1898 268 1946 belli
278 1897 350 1946 civilis
361 1898 395 1946 nil
406 1899 454 1962 agit
462 1898 576 1961 sapienter
585 1905 608 1944 et
616 1896 711 1957 fortiter,
723 1911 774 1944 onr-

92 1961 139 2010 uia
146 1970 226 2010 contra
233 1961 348 2010 Ciceronis
357 1961 487 2012 consilium.
500 1961 615 2012 comm
622 1961 689 2020 aluit,
698 1961 773 2022 auxit,

90 2035 123 2075 ¹et
132 2026 240 2074 armavit
256 2027 309 2075 Att.
320 2025 367 2083 IX,
378 2028 453 2076 lade
464 2042 520 2091 pace
530 2027 603 2075 mittit
613 2027 773 2078 eccm.

92 2091 173 2140 'tuse
186 2089 237 2151 111,
248 2091 287 2138 26.
302 2091 358 2154 fugo
373 2103 427 2156 post
440 2107 545 2156 pugnarn
561 2091 724 2139 Pharsalicam.
741 2089 784 2138 ad·

97 2153 156 2204 Dis.
167 2153 231 2214 xn,
247 2159 282 2202 14.
294 2156 319 2204 in
328 2155 388 2220 fugi
398 2172 445 2206 non
456 2156 565 2221 recipitur
576 2156 703 2204 aRhodiis.
714 2153 771 2200 Dis.

98 2217 135 2280 11,
148 2223 172 2270 9.
185 2219 211 2266 in
222 2219 344 2269 solitudine
360 2221 527 2286 AEg'yptiorum
538 2221 674 2279 mreidatrr,
686 2226 709 2266 et
719 2216 772 2280 qui·

87 2285 153 2332 'dem
168 2283 201 2332 *et
222 2293 325 2333 montem
346 2284 452 2344 Casium,
468 2285 511 2333 ubi
529 2287 579 2346 ejus
597 2283 703 2332 tumulus
719 2280 772 2327 fuit.

98 2349 175 2413 (Plin.
188 2349 223 2396 H.
236 2349 269 2398 N.
276 2350 309 2408 V,
324 2353 361 2398 12.
376 2352 418 2400 ubi
432 2350 479 2398 vid.
489 2347 618 2409 Harduin.)
630 2347 687 2394 Div.
699 2343 771 2402 1114·

98 2415 242 2464 multarum
257 2414 394 2464 fefellerunt.
411 2413 525 2473 Prii-11,
538 2415 577 2460 ta
588 2415 643 2474 ejus
655 2410 738 2457 demus
749 2414 772 2456 et

86 2478 161 2526 'horti
174 2477 207 2527 ad
223 2478 354 2530 Antonirun
363 2482 454 2530 venere.
473 2480 542 2526 Brut
559 2479 599 2525 68.
610 2475 727 2535 maiorem
737 2472 775 2520 ‹li-
855 2503 864 2518 .

97 2542 166 2591 cendi
195 2541 280 2592 loriam
297 2553 431 2594 consecutus
445 2551 512 2603 esset,
529 2541 575 2588 nisi
588 2538 670 2604 glorie
688 2535 773 2600 cupido

96 2621 155 2656 eum
204 2605 586 2667 lesbdficasubstruifflthssffic·
599 2601 771 2662 issam

82 2672 419 2740 'aewfiotimphateram
434 2671 499 2732 dicit,
513 2667 559 2718 uisi
573 2665 760 2719 Cimfflbmt
