1834 2892
14 2738 83 2797 h

145 148 195 199 224
308 148 423 199 INDEX
439 147 656 200 fflsromcos.

177 277 306 339 Eps'cunu,
317 278 371 327 Fin.
382 278 407 340 1,
417 278 441 335 7.
460 292 508 327 non
526 278 636 327 eruditura.
653 278 716 341 Ejus
724 286 818 327 senten-

140 341 175 390 tis
185 342 215 390 de
226 358 319 392 summo
329 346 391 392 bono
402 343 537 407 expliosmr.
555 344 608 391 rin.
618 343 641 403 I,
653 348 675 391 l.
685 358 706 391 c.
717 346 813 392 0-21.

142 406 256 455 refellitur
267 414 315 456 toto
325 408 385 456 libro
401 408 437 456 11.
453 408 524 455 Brut.
535 409 575 456 05.
592 416 704 469 Espomu·
716 409 815 457 Socratis

141 471 297 535 reprehendis.
310 472 385 521 Acad.
404 471 451 529 lv,
467 473 507 520 42.
525 488 580 520 cum
592 470 725 535 Cyrenaicis
735 472 764 519 de
774 488 817 521 vo-

142 536 232 599 luptate
250 552 296 584 non
307 537 426 585 consentit.
438 536 495 583 ibid.
513 537 553 584 30.
568 537 698 584 dialecfioos
713 545 818 585 oontem-

142 600 178 648 nit
192 610 214 649 et
223 601 289 649 ridet.
303 602 336 650 N.
349 601 381 648 D.
394 600 416 661 1,
431 605 469 649 16.
481 602 532 663 ejus
542 600 601 649 lrlrer
611 600 640 649 de
654 600 735 664 reguli
746 610 770 649 et
777 601 820 663 ju·

141 664 216 722 dioios
229 667 279 727 ejus
285 666 405 741 prolepsis.
413 664 562 724 Totuslocus
570 664 599 713 de
607 665 660 713 Diis
668 682 697 713 ex
706 667 757 727 ejus
765 682 819 714 sen·

142 730 216 778 tentii.
230 731 365 794 expleatur,
380 746 431 795 cup.
444 735 483 778 16.
501 745 566 793 seqq.
577 739 601 778 et
610 730 723 778 refellitur
733 730 817 779 eodem

142 792 209 843 libro.
218 794 240 852 I,
249 796 288 842 30.
295 794 386 843 videtur
392 794 509 843 nonnullis
516 794 593 842 nullos
600 794 663 842 Deos
669 794 769 842 medere.
778 794 816 855 11,

142 862 182 908 23.
193 874 380 922 monogrammos
388 859 450 908 Deos
457 859 519 907 feeit.
536 857 593 907 Div.
607 859 630 918 1,
642 860 666 907 3.
677 858 781 907 balbutit
790 859 819 908 de

143 924 228 971 nsturi
239 923 352 971 Deorum.
364 924 397 971 N.
407 922 439 971 D.
452 922 475 985 I,
486 928 526 971 24.
538 923 567 972 de
580 923 663 972 atomis
674 923 794 987 quomodo
804 940 819 972 s

145 986 279 1035 Democrito
289 987 415 1037 dissentiat.
431 988 508 1037 Aoed
520 988 543 1047 1,
560 995 582 1036 1.
594 988 645 1049 ejus
655 988 753 1053 physice
762 996 819 1036 sunt

146 1050 300 1099 Democritea.
312 1053 370 1100 Nst.
381 1053 414 1100 D.
423 1053 447 1114 I,
456 1057 496 1102 26.
507 1052 532 1100 in
540 1051 642 1117 physicis
652 1052 733 1100 omnis
743 1070 759 1101 a
769 1053 819 1101 De-

143 1116 240 1163 mocrito
251 1115 328 1164 hebet.
347 1118 377 1165 sd
391 1117 448 1167 Div.
460 1116 519 1176 XV,
537 1118 574 1164 16.
593 1118 643 1178 ejus
662 1117 741 1162 ιιδωλα
761 1118 820 1166 sulse

143 1178 254 1228 ridentur.
270 1180 323 1228 Fin.
331 1179 389 1257 1,.5.
402 1184 425 1230 6.
437 1185 461 1234 7.
473 1180 820 1245 eJusphilosophiaeperonmes

144 1242 821 1373 enne

171 1382 218 1421 uso.
234 1372 284 1433 111,
300 1378 336 1422 12.
354 1376 405 1437 ejus
415 1375 444 1424 de
454 1376 543 1439 origine
553 1374 638 1423 doloris
654 1376 770 1423 sententia
784 1392 822 1424 re·

141 1436 238 1485 tollitur.
256 1436 291 1485 N.
302 1438 334 1486 D.
356 1438 378 1499 Ι,
396 1444 436 1490 33.
455 1440 570 1488 dissensus
588 1438 727 1501 impatiens:
746 1440 822 1489 libros

143 1502 235 1577 scripsit
250 1512 329 1551 oontm
339 1504 504 1555 Timocratem.
515 1504 546 1552 ed
556 1503 612 1552 niv.
624 1501 685 1563 vn,
697 1505 738 1552 26.
756 1504 822 1553 mule

145 1567 280 1631 scopiturs
297 1568 387 1629 Stoicis,
405 1568 468 1635 quod
482 1584 508 1617 se
517 1567 665 1616 reformidare
682 1567 739 1615 dicit
755 1572 819 1623 nans

143 1631 260 1693 ’δυσονρικα
275 1652 310 1679 και
321 1633 467 1697 δυσιντιρικα.
478 1633 534 1681 Dlv.
546 1631 582 1689 II,
594 1635 633 1680 50.
644 1646 699 1680 eum
709 1632 820 1680 hebetem

142 1704 165 1743 et
173 1695 254 1744 rudem
262 1696 335 1745 dicere
341 1697 415 1746 solent
421 1698 499 1746 Stoici.
507 1696 563 1745 niv.
569 1695 591 1755 1,
597 1696 733 1745 39.nullcm
742 1706 823 1745 censet

143 1761 270 1823 gratuitam
281 1778 329 1810 esse
339 1761 455 1810 virtutem.
467 1762 522 1810 Dis.
533 1761 556 1820 Ι,
568 1762 608 1808 30.
621 1761 690 1808 sentit
699 1761 763 1809 nihil
774 1776 821 1809 un-

144 1839 217 1934 pusm
224 1826 324 1889 elegans,
335 1826 518 1875 nihildeoomm.
528 1826 585 1874 Nat.
592 1824 624 1872 D.
633 1824 670 1885 ΙΙ,
681 1826 720 1880 17.
730 1826 821 1888 injutis

157 1888 251 1950 rigidus.
268 1890 322 1937 Fin.
336 1888 372 1949 II,
386 1895 410 1940 3.
430 1890 558 1955 sapientem
573 1906 599 1939 se
612 1888 740 1954 profitetur.
760 1891 820 1938 Not.

144 1950 178 1998 D.
190 1953 212 2010 1,
224 1956 264 2001 41.
279 1956 330 2016 ejus
340 1954 394 2003 libri
408 1954 438 2003 de
448 1955 568 2003 sanctitate
578 1962 601 2003 et
610 1955 695 2019 pietate
708 1954 821 2004 adversm

144 2014 217 2063 Deos.
235 2018 288 2065 Fin.
301 2018 324 2078 Ι,
337 2019 374 2067 10.
386 2019 564 2068 smicitissrecte
574 2019 651 2068 coluit
663 2017 701 2078 11,
713 2020 755 2067 30.
768 2021 820 2081 ejus

143 2082 263 2130 morientis
274 2083 370 2147 epistole
379 2084 410 2132 ed
421 2084 590 2133 Hermschum.
601 2083 631 2131 de
640 2083 694 2130 Fet.
705 2088 729 2131 9.
740 2084 819 2131 fenum

144 2146 282 2206 extimescit,
291 2156 313 2195 et
321 2149 351 2196 sb
357 2149 440 2197 atomis
446 2149 505 2213 petit
528 2148 654 2206 residium,
663 2149 709 2195 &o
720 2149 821 2196 Senten-

143 2210 176 2259 tia
186 2213 236 2273 ejus
246 2212 275 2260 de
285 2212 340 2261 isto.
358 2212 461 2261 Moritur
481 2214 504 2262 Is
531 2212 584 2261 x11
604 2226 676 2259 runos
692 2220 772 2275 nutus,
784 2226 821 2260 ur-

145 2276 229 2324 chonte
240 2276 373 2341 Pytharato
385 2278 416 2326 sd
426 2277 483 2326 Dir.
494 2276 572 2337 XIII,
586 2284 607 2326 l.
618 2284 758 2325 testamento
768 2292 820 2326 suc-

145 2341 271 2387 cessoribus
282 2341 329 2388 sctis
339 2340 461 2405 Epicureis
471 2343 566 2389 hortum
577 2356 645 2389 suum
654 2348 678 2388 et
685 2342 746 2389 mdes
755 2344 819 2405 legr-

142 2401 188 2457 vit,
197 2418 255 2465 ques
270 2403 354 2451 deinde
372 2405 401 2453 C.
419 2404 550 2454 Memmius
564 2405 630 2466 emit,
641 2413 760 2469 repetente
773 2407 820 2453 Ps-

146 2470 212 2511 trone
222 2466 346 2527 Epicureo.

142 2540 144 2545 ·
175 2528 284 2588 Epigoni,
344 2539 361 2578 t.
383 2532 414 2580 G.
432 2532 476 2580 Or.
491 2533 515 2580 6.
530 2532 656 2596 Trngoedin
666 2530 777 2597 AEschyli
794 2540 818 2581 et

144 2586 217 2637 Accii.
235 2590 306 2638 Tmo.
338 2591 360 2650 I,
373 2598 411 2643 25.
428 2596 477 2643 Off.
490 2595 512 2655 1,
524 2602 565 2644 31.

176 2652 338 2715 Eprinsess'dcs,
350 2657 415 2719 Cres,
425 2658 506 2709 Divis.
516 2658 538 2720 l,
552 2662 589 2708 10.
600 2662 753 2710 concitatione
759 2660 819 2727 qui·
